@inproceedings{ZhaMey:C21,
author={Zhang, Wenyu and Meyer, Florian},
booktitle={Proc. IEEE RadarConf-21}, 
title={Graph-based multiobject tracking with embedded particle flow}, 
year={2021},
address={Atlanta, GA, USA},
month=may,
}


@inproceedings{LiWeiCheWeiZha:C21,
author={Li, Yuansheng and Wei, Ping and Chen, Yiqi and Wei, Yifan and Zhang, Huaguo},
booktitle={Proc. IEEE RadarConf-21}, 
title={Message passing based extended objects tracking with measurement rate and extension estimation}, 
year={2021},
address={Atlanta, GA, USA},
month=may,
}

@misc{LiLeiVenTuf:J21,
author={Li, X. and Leitinger, E. and A. Venus and F. Tufvesson},
title={{Sequential detection and estimation of multipath channel parameters using belief propagation}},
howpublished={2021},
journal={arXiv:2109.05623},
}


@inproceedings{BoeBauWirReu:C19,
author={B\"ohler, Julian and Baur, Tim and Wirtensohn, Stefan and Reuter, Johannes},
booktitle={Proc. SDF-19}, 
title={Stochastic partitioning for extended object probability hypothesis density filters}, 
year={2019},
address={Bonn, Germany}
}

@article{GraSveReuXiaFat:J18,
author={Granstr\"om, Karl and Svensson, Lennart and Reuter, Stephan and Xia, Yuxuan and Fatemi, Maryam},
journal=IEEE_J_IV, 
title={Likelihood-based data association for extended object tracking using sampling methods}, 
year={2018},
volume={3},
number={1},
pages={30-45},
}


@article{VivGraBraWil:J17,
author={Vivone, Gemine and Granstr\"om, Karl and Braca, Paolo and Willett, Peter},
journal=IEEE_J_AES,
title={Multiple sensor measurement updates for the extended target tracking random matrix model}, 
year={2017},
volume={53},
number={5},
pages={2544-2558},
}


@article{KroMeyHla:J20,
author = {Kropfreiter, Thomas and Meyer, Florian and Hlawatsch, Franz},
title = {{A fast labeled multi-Bernoulli filter using belief propagation}},
journal = IEEE_J_AES,
year = {2020},
volume = {56},
number = {3},
pages = {2478--2488},
month = jun,
}



@article{BorSun:J79,
author={P. {Borjesson} and C.-E. {Sundberg}},
journal=IEEE_J_COM, 
title={{Simple approximations of the error function Q(x) for communications applications}}, 
year={1979},
volume={27},
number={3},
pages={639-643},
}



@inproceedings{YanThoBau:C18,
author={S. {Yang} and K. {Thormann} and M. {Baum}},
booktitle={Proc. IEEE SAM-18}, 
title={Linear-Time Joint Probabilistic Data Association for Multiple Extended Object Tracking}, 
year={2018},
pages={6-10},
month=feb,
address={Sheffield, UK},
 }


@article{ZhuJiaZhoLiYu:19,
title={Class-balanced grouping and sampling for point cloud {3D} object detection},
author={Benjin Zhu and Zhengkai Jiang and Xiangxin Zhou and Zeming Li and Gang Yu},
journal={arXiv:1908.09492},
year={2019}
}

@online{nuScenes:W21,
title = {{The nuScenes Dataset}},
url = {https://www.nuscenes.org/},
urldate = {2021-03-30}}

@inproceedings{Wil:C12,
author={J. L. {Williams}},
booktitle={Proc. FUSION-12}, 
title={{Hybrid Poisson and multi-Bernoulli filters}}, 
year={2012},
pages={1103--1110},
address={Singapore},
month=jul,
}

@inproceedings{RahGarSve:C17,
author={A. S. {Rahmathullah} and A. F. Garcia-Fernandez and L. {Svensson}},
booktitle={Proc. FUSION-17},
title={Generalized optimal sub-pattern assignment metric}, 
year={2017},
month=jul,
address={Xi'an, China},
}

@article{LiCoates:17,
author = {Y. Li and M. Coates},
title = {Particle Filtering With Invertible Particle Flow},
journal = IEEE_J_SP,
year={2017},
volume={65},
number={15},
pages={4102--4116},
month=aug,
}

@article{CorCar:J05,
author = {S. {Coraluppi} and C. {Carthel}},
journal = IEEE_J_AES,
title = {Distributed tracking in multistatic sonar},
year = {2005},
volume = {41},
number = {3},
pages = {1138-1147},
month = jul,
}

@article{MeyWin:J20,
author={F. {Meyer} and M. Z. {Win}},
journal={IEEE Trans. Signal Inf. Process. Netw.}, 
title={Scalable Data Association for Extended Object Tracking}, 
year={2020},
volume={6},
number={},
month=may,
pages={491-507},
}

@inproceedings{YanWolBau:C20,
author={S. Yang and L. M. Wolf and M. Baum},
title={Marginal association probabilities for multiple extended objects without enumeration of measurement partitions},
booktitle={Proc. FUSION-20},
month=jul,
year=2020,
address={Pretoria, South Africa},
}

@article{YanBau:J19,
author={S. Yang and M. Baum},
title={Tracking the orientation and axes lengths of an elliptical extended object},
year={2019},
journal=IEEE_J_SP,
pages={4720--4729},		
volume={67},
number={18},
month=sep,
}

@article{FelFraKoc:J11,
author={C.-Y. Feldmann and D. Fr\"anken and J. W. Koch},
title={Tracking of extended objects and group targets using random matrices},
year={2011},
journal=IEEE_J_SP,
pages={1409--1420},		
volume={59},
number={4},
month=apr,
}


@article{ChoMorRei:J19,
author={C.-Y. Chong and S. Mori and D. B. Reid},
title={Forty Years of Multiple Hypothesis Tracking},
year={2019},
journal={J. Adv. Inf. Fusion},
pages={131--151},		
volume={14},
number={2},
month=dec,
}



@article{Wil14,
title={An efficient, variational approximation of the best fitting multi-{B}ernoulli filter},
author={Williams, J. L.},
journal=IEEE_J_SP,
year={2015},
month={Jan.},
number={1},
pages={258--273},
volume={63}
}


@article{GarSveMor:J20,
author={A. F. Garcia-Fernandez and L. {Svensson} and M. R. {Morelande}},
journal=IEEE_J_AES,
title={Multiple Target Tracking Based on Sets of Trajectories}, 
year={2020},
volume={56},
number={3},
pages={1685--1707},
month=jun,
}


@inproceedings{MeyWil:C20,
author={F. {Meyer} and J. L. {Williams}},
booktitle={Proc. ICASSP-20},
title={Scalable Detection and Tracking of Extended Objects}, 
year={2020},
month=may,
address={Barcelona, Spain},
pages={8916--8920},
}

@article{MeyWil:SM21,
author={F. Meyer and J. L. Williams },
title={Scalable Detection and Tracking of Geometric Extended Objects: Supplementary Material},
volume={},
number={},
pages={},
month={},
year={2021},
note={arXiv:2103.11279}	
}

@article{MeyWil:J21,
author={F. Meyer and J. L. Williams},
journal={IEEE Trans. Signal Process.}, 
title={Scalable detection and tracking of geometric extended objects}, 
year={2021},
volume={69},
month = {Oct.},
pages={6283-6298},
}

@article{GraOrg:J14a,
author={K. {Granstr\"om} and U. {Orguner}},
journal=IEEE_J_AES,
title={New prediction for extended targets with random matrices}, 
year={2014},
volume={50},
number={2},
pages={1577--1589},
 }

@article{BayShaSha:J08,
author={M. Bayati and D. Shah and M. Sharma},
journal=IEEE_J_IT,
title={{Max-product for maximum weight matching: Convergence, correctness, and LP duality}},
year={2008},
volume={54},
number={3},
pages={1241--1251},
month=mar,
}

@inproceedings{MeyLiuWin:C18,
author={F. Meyer and Z. Liu and M. Z. Win},
title={Network Localization and Navigation Using Measurements with Uncertain Origin},
booktitle={Proc. FUSION-18},
pages={2237--2243},
month=jul,
year=2018,
address={Cambridge, UK},
}

@inproceedings{MeyWin:C18,
author={F. Meyer and M. Z. Win},
title={Joint Navigation and Multitarget Tracking in Networks},
booktitle={Proc. IEEE ICC-18},
month=may,
year=2018,
address={Kansas City, MO},
}

@inproceedings{MeyZheWin:C19,
author={F. Meyer and Z. Liu and M. Z. Win},
title={Scalable Probabilistic Data Association with Extended Objects},
booktitle={Proc. IEEE ICC-19},
month=may,
year=2019,
address={Shanghai, China},
}

@article{MenMeyBauWin:J19,
author={R. Mendrzik and F. Meyer and G. Bauch and M. Z. Win},
title={Enabling situational awareness in millimeter wave massive {MIMO} systems},
journal=IEEE_J_STSP,
volume={13},
number={5},
pages={1196--1211},
month=sep,
year= {2019},
}

@article{MeyKroWilLauHlaBraWin:J18,
author={F. Meyer and T. Kropfreiter and J. L. Williams and R. A. Lau and F. Hlawatsch and P. Braca and M. Z. Win},
title={Message Passing Algorithms for Scalable Multitarget Tracking},
journal=IEEE_J_PROC,
volume={106},
number={2},
pages={221-259},
month=feb,
year={2018},
}

@article{GraFatSve:J19,
author={K. {Granstr\"om} and M. {Fatemi} and L. {Svensson}},
journal=IEEE_J_AES,
title={{Poisson multi-Bernoulli mixture conjugate prior for multiple extended target filtering}},
year={2020},
volume={56},
number={1},
pages={208-225},
month=feb,
}

@inproceedings{LeiMeyTufWit:C17, 
author={E. Leitinger and F. Meyer and F. Tufvesson and K. Witrisal}, 
booktitle={Proc. IEEE ICC-17}, 
title={{Factor graph based simultaneous localization and mapping using multipath channel information}}, 
year={2017}, 
volume={}, 
number={}, 
pages={652-658}, 
month=may,
}

@inproceedings{BowAtaDanPap:C17,
author={S. L. Bowman and N. Atanasov and K. Daniilidis and G. J. Pappas}, 
booktitle={Proc. IEEE ICRA-17}, 
title={Probabilistic data association for semantic SLAM}, 
year={2017}, 
volume={}, 
number={}, 
pages={1722-1729}, 
month=may,
}

@article{RicUrb:J01, 
author={T. J. Richardson and R. L. Urbanke}, 
journal=IEEE_J_IT, 
title={The capacity of low-density parity-check codes under message-passing decoding}, 
year={2001}, 
volume={47}, 
number={2}, 
pages={599--618}, 
month=feb,
}

@article{BerGla:J96, 
author={C. Berrou and A. Glavieux}, 
journal=IEEE_J_COM, 
title={{Near optimum error correcting coding and decoding: Turbo-codes}}, 
year={1996}, 
volume={44}, 
number={10}, 
pages={1261--1271}, 
month={Oct.},
}

@article{FosMihIma:J99, 
author={M. P. C. Fossorier and M. Mihaljevic and H. Imai}, 
journal=IEEE_J_COM, 
title={Reduced complexity iterative decoding of low-density parity check codes based on belief propagation}, 
year={1999}, 
volume={47}, 
number={5}, 
pages={673--680},
month={May},
}

@inproceedings{LauWil:C16,
author={Lau, R. A. and Williams, J. L.},
title={A structured mean field approach for existence-based multiple target tracking},
booktitle={Proc. FUSION-16},
year={2016},
month={Jul.},
address={Heidelberg, Germany},
pages={1111--1118},
}

@article{LeiMeyHlaWitTufWin:J19,
author={E. Leitinger and F. Meyer and F. Hlawatsch and K. Witrisal and F. Tufvesson and M. Z. Win},
title = {{A belief propagation algorithm for multipath-based SLAM}},
journal=IEEE_J_WCOM,
year={2019}, 
volume={18}, 
number={11}, 
month={Nov.},
pages={5613--5629},
}

@article{GraOrg:J12, 
author={K. Granstr\"om and U. Orguner}, 
journal=IEEE_J_SP,  
title={{A PHD filter for tracking multiple extended targets using random matrices}}, 
year={2012}, 
volume={60}, 
number={11}, 
pages={5657--5671}, 
month={Nov.},
}

@article{GraLunOrg:J12, 
author={K. Granstr\"om and C. Lundquist and U. Orguner}, 
journal=IEEE_J_AES,
title={{Extended target tracking using a Gaussian-mixture PHD filter}}, 
year={2012}, 
volume={48}, 
number={4}, 
pages={3268--3285}, 
month={Oct.},
}



@article{LunGraOrg:J13, 
author={C. Lundquist and K. Granstr\"om and U. Orguner}, 
journal=IEEE_J_STSP, 
title={{An extended target CPHD filter and a gamma Gaussian inverse Wishart implementation}}, 
year={2013}, 
volume={7}, 
number={3}, 
pages={472--483}, 
month={Jun.},
}

@article{BeaReuGraVoVoSch:J16, 
author={M. Beard and S. Reuter and K. Granstr\"om and B. Vo and B. Vo and A. Scheel}, 
journal=IEEE_J_SP, 
title={{Multiple extended target tracking with labeled random finite sets}}, 
year={2016}, 
volume={64}, 
number={7}, 
pages={1638--1653}, 
month={Apr.},
}

@article{VivBra:J16, 
author={G. Vivone and P. Braca}, 
journal=IEEE_J_OE, 
title={{Joint probabilistic data association tracker for extended target tracking applied to X-band marine radar data}}, 
year={2016}, 
volume={41}, 
number={4}, 
pages={1007-1019}, 
month={Oct.},
}

@inproceedings{SchReuWan:C15, 
author={M. Schuster and J. Reuter and G. Wanielik}, 
booktitle={Proc. FUSION-15}, 
title={{Probabilistic data association for tracking extended targets under clutter using random matrices}}, 
year={2015}, 
pages={961--968}, 
month={Jul.},
address={Washington DC},
}


@article{OhRusSas:J09, 
author={S. Oh and S. Russell and S. Sastry}, 
journal=IEEE_J_AC, 
title={{Markov chain Monte Carlo data association for multi-target tracking}}, 
year={2009}, 
volume={54}, 
number={3}, 
pages={481--497}, 
month={Mar.},
}

@article{HamSveSanSor:J12, 
author={L. Hammarstrand and L. Svensson and F. Sandblom and J. Sorstedt}, 
journal=IEEE_J_AES,
title={{Extended object tracking using a radar resolution model}}, 
year={2012}, 
volume={48}, 
number={3}, 
pages={2371--2386}, 
month={Jul.},
}

@article{HamLunSve:J12, 
author={L. Hammarstrand and M. Lundgren and L. Svensson}, 
journal=IEEE_J_AES,
title={{Adaptive radar sensor model for tracking structured extended objects}}, 
year={2012}, 
volume={48}, 
number={3}, 
pages={1975--1995}, 
month={Jul.},
}

@article{HabThaThaMalKir:J13, 
author={B. Habtemariam and R. Tharmarasa and T. Thayaparan and M. Mallick and T. Kirubarajan}, 
journal=IEEE_J_STSP, 
title={{A multiple-detection joint probabilistic data association filter}}, 
year={2013}, 
volume={7}, 
number={3}, 
pages={461--471}, 
month={Jun.},
}

@inproceedings{HabThaKirGriWak:C11, 
author={B. K. Habtemariam and R. Tharmarasa and T. Kirubarajan and D. Grimmett and C. Wakayama}, 
booktitle={Proc. FUSION-11}, 
title={{Multiple detection probabilistic data association filter for multistatic target tracking}}, 
year={2011}, 
month={Jul.},
}



@article{GraBauReu:J17,
author={Granstr\"om, K. and Baum, M. and Reuter, S.},
title={{Extended object tracking: Introduction, overview and applications}},
journal={ J. Adv. Inf. Fusion}, 
year={2017}, 
volume={12}, 
number={2}, 
pages={139--174}, 
month=dec,
}


@article{GenVivBraSolAmi:J15, 
author={G. Gennarelli and G. Vivone and P. Braca and F. Soldovieri and M. G. Amin}, 
journal=IEEE_J_GRS, 
title={{Multiple extended target tracking for through-wall radars}}, 
year={2015}, 
volume={53}, 
number={12}, 
pages={6482--6494}, 
month={Dec.},
}

@article{Koc:J08, 
author={J. W. Koch}, 
journal=IEEE_J_AES,
title={{Bayesian approach to extended object and cluster tracking using random matrices}}, 
year={2008}, 
volume={44}, 
number={3}, 
pages={1042--1059}, 
month={Jul.},
}

@article{FelKoc:J12, 
author={M. Feldmann and W. Koch}, 
journal=IEEE_J_AES,
title={{Comments on ``Bayesian approach to extended object and cluster tracking using random matrices''}}, 
year={2012}, 
volume={48}, 
number={2}, 
pages={1687--1693}, 
month={Apr.},
}

@article{CorCar:J18, 
author={S. P. Coraluppi and C. A. Carthel}, 
journal=IEEE_J_AES,
title={{Multiple-hypothesis tracking for targets producing multiple measurements}}, 
year={2018}, 
volume={54}, 
number={3}, 
pages={1485--1498}, 
month={Jun.},
}

@misc{XiaGraSveFat:J18,
author={Xia, Y. and Granstr\"om, K. and Svensson, L. and Fatemi, M.},
title={{Extended target Poisson multi-Bernoulli filter}},
howpublished={2018},
note={Available online: http://arxiv.org/abs/1801.01353},
}

@article{WaiJaaWil:J05, 
author={M. J. Wainwright and T. S. Jaakkola and A. S. Willsky}, 
journal=IEEE_J_IT,
title={{A new class of upper bounds on the log partition function}}, 
year={2005}, 
volume={51}, 
number={7}, 
pages={2313-2335}, 
month={Jul.},
}

@article{RooWaiSas:J08, 
author={T. G. Roosta and M. J. Wainwright and S. S. Sastry}, 
journal=IEEE_J_SP,
title={{Convergence analysis of reweighted sum-product algorithms}}, 
year={2008}, 
volume={56}, 
number={9}, 
pages={4293-4305}, 
month={Sep.},
}

@article{SolMeyBraHla:J19,
author={G. Soldi and F. Meyer and P. Braca and F. Hlawatsch},
journal=IEEE_J_SP,
title={Self-tuning algorithms for multisensor-multitarget tracking using belief propagation},
year={2019},
volume={67},
number={15},
pages={3922-3937},
month=aug,
}